%% LaTeX2e file `biblio.bib'
%% generated by the `filecontents' environment
%% from source `CV' on 2023/09/15.
%%

